@misc{time_oxford,
	title = {Oxford Dictionaries: Time},
	url = {http://oxforddictionaries.com/definition/time},
	urldate = {2017-11-21},
	publisher = {Oxford University Press}
}

@misc{time_merriam,
	title = {Merriam-Webster Dictionary: Time},
	url = {http://www.merriam-webster.com/dictionary/time},
	urldate = {2017-11-21}
}

@book{time_davies,
	title = {About Time: Einstein's Unfinished Revolution},
	isbn = {978-0684818221},
	language = {en},
	publisher = {Simon & Schuster},
	author = {Davies, Paul},
	year = {1996}
}

@misc{clock_cambridge,
	title = {Cambridge Advanced Learner's Dictionary: Clock},
	url = {https://dictionary.cambridge.org/dictionary/english/clock?a=british},
	urldate = {2017-11-21}
}

@book{clock_landes,
	title = {Revolution in Time: Clocks and the Making of the Modern World},
	isbn = {0-674-00282-2},
	language = {en},
	publisher = {Belknap Press},
	author = {Landes, David S.},
	month = aug,
	year = {2000}
}

@misc{second_merriam,
	title = {Merriam Webster Learner's Dictionary: Second},
	url = {http://www.learnersdictionary.com/search/sec},
	urldate = {2017-11-21}
}

@misc{second_nist,
	title = {Unit of time (second)},
	url = {https://physics.nist.gov/cuu/Units/second.html},
	urldate = {2017-11-21}
}

@book{gmt,
	title = {Time: from Earth rotation to atomic physics},
	isbn = {978-3-527-40780-4},
	language = {en},
	publisher = {Wiley-VCH},
	author = {McCarthy, Dennis D. and Seidelmann, P. Kenneth},
	month = dec,
	year = {2009}
}

@book{ut,
	title = {Solar time, legal time, time in use},
	language = {en},
	publisher = {BIPM & IOP},
	author = {Guinot, Bernard},
	month = jul,
	year = {2011}
}

@book{tai,
	title = {Celestial Mechanics and Dynamical Astronomy},
	language = {en},
	publisher = {Kluwer Academic Publishers},
	author = {Guinot, Bernard},
	month = jan,
	year = {1986}
}

@book{mills_2010,
	title = {Computer Network Time Synchronization: The Network Time Protocol},
	isbn = {978-0-8493-5805-0},
	language = {en},
	publisher = {Taylor & Francis},
	author = {Mills, David L.},
	month = dec,
	year = {2010}
}

@inproceedings{eidson_2005,
	title = {IEEE-1588 Standard for a Precision Clock Synchronization Protocol for Networked Measurement and Control Systems, a Tutorial},
	url = {https://www.nist.gov/sites/default/files/documents/el/isd/ieee/tutorial-basic.pdf},
	urldate = {2017-11-21},
	language = {en},
	author = {Eidson, John C.},
	month = oct,
	year = {2005}
}

@inproceedings{eidson_2006,
	title = {IEEE 1588 Standard Version 2 - A Tutorial},
	url = {http://ieee1588.nist.gov/2006%20IEEE1588%20Agenda/Eidson_1588_Version%202.pdf},
	urldate = {2017-11-21},
	language = {en},
	author = {Eidson, John C.},
	month = oct,
	year = {2006}
}

@book{eidson_book,
	title = {Measurement, Control and Communication Using IEEE 1588},
	isbn = {1-84628-250-0},
	language = {en},
	publisher = {Springer Science+Business Media|Springer},
	author = {Eidson, John C.},
	month = apr,
	year = {2006}
}

@inproceedings{gps_sps,
	title = {The Navstar Global Positioning System, hereafter referred to as GPS, is a space-based radio navigation system owned by the United States Government (USG) and operated by the [[United States Air Force]] (USAF).},
	url = {http://www.gps.gov/technical/ps/2008-SPS-performance-standard.pdf},
	urldate = {2017-11-21}
}

@inproceedings{gps_waas,
	title = {GPS: Global Positioning System (or Navstar Global Positioning System)},
	url = {http://www.gps.gov/technical/ps/2008-WAAS-performance-standard.pdf},
	urldate = {2017-11-21},
	language = {en}
}

@misc{rpi_faq,
	title = {Raspberry Pi FAQS},
	url = {https://www.raspberrypi.org/help/faqs/},
	urldate = {2017-11-21}
}

@misc{ada_gps,
	title = {Adafruit Ultimate GPS Breakout v3 Product Page},
	url = {https://www.adafruit.com/product/746},
	urldate = {2017-11-21}
}

@misc{linux,
	title = {What Is Linux: An Overview of the Linux Operating System},
	url = {https://www.linux.com/learn/resource-center/376-linux-is-everywhere-an-overview-of-the-linux-operating-system},
	urldate = {2011-08-15},
	publisher = {Linux Foundation}
}

@misc{kernel_modules,
	title = {Kernel modules},
	url = {https://wiki.archlinux.org/index.php/kernel_modules},
	urldate = {2017-11-21}
}

@misc{preempt,
	title = {PREEMPT_RT Patch Wiki},
	url = {https://wiki.linuxfoundation.org/realtime/start},
	urldate = {2017-11-21}
}

@misc{cyclictest,
	title = {Cyclictest Wiki},
	url = {https://wiki.linuxfoundation.org/realtime/documentation/howto/tools/cyclictest},
	urldate = {2017-11-21}
}

